@book{deep_learning,
  Author = {Deng, L. and Yu, D.},
  Title = {Deep Learning: Methods and Applications},
  Publisher = {Foundations and Trends in Signal Processing},
  Year = {2014},
  ISBN = {}
}

@misc{4:online,
author = {},
title = { GIMP - GNU IMAGE MANIPULATION PROGRAM},
howpublished = {Available: \url{https://www.gimp.org/}},
month = {},
year = {},
note = {(Accessed on 11/25/2018)}
}

@misc{2:online,
author = {},
title = {Masking Images},
howpublished = {Available: \url{http://www.xinapse.com/Manual/masking.html}},
month = {},
year = {},
note = {(Accessed on 11/26/2018)}
}

@misc{101:online,
author = {Bob Yirka},
title = {A 3-D Printer that Can Print Data Sets as Physical Objects},
howpublished = {\url{https://phys.org/news/2018-06-d-printer-physical.html}},
month = {June},
year = {2018},
note = {(Accessed on 11/02/2018)}
}

@misc{102:online,
author = {Walkabout Worlds},
title = {Create a Basic 3D Model of a Room},
howpublished = {\url{https://www.youtube.com/watch?time_continue=78&v=3IAK93U2QUI}},
month = {March},
year = {2017},
note = {(Accessed on 11/02/2018)}
}

@misc{103:online,
author = {},
title = {Caffe Deep learning framework},
howpublished = {Available: \url{http://caffe.berkeleyvision.org/}},
month = {},
year = {},
note = {(Accessed on 11/25/2018)}
}

@misc{104:online,
author = {},
title = {Colour sensors System Description},
howpublished = {\url{https://www.sensopart.com/jdownloads/Systembeschreibungen/Colour-sensors_contrast-sensors_luminescence-sensors_system_description.pdf}},
month = {},
year = {},
note = {(Accessed on 11/03/2018)}
}

@misc{105:online,
author = {},
title = {Gray-Level Transformation},
howpublished = {\url{https://spie.org/samples/PM197.pdf}},
month = {},
year = {},
note = {(Accessed on 11/07/2018)}
}

@misc{106:online,
author = {R. Fischer},
title = {Motion Capture Process and Systems},
howpublished = {\url{https://pdfs.semanticscholar.org/e399/84b1e08f5a98e03e83f2e4d6bac3e997e0d8.pdf}},
month = {},
year = {},
note = {(Accessed on 11/07/2018)}
}

@misc{107:online,
author = {},
title = {OpenCV Modules},
howpublished = {Available: \url{https://docs.opencv.org/3.4/index.html}},
month = {},
year = {},
note = {(Accessed on 11/23/2018)}
}