@book{1,
  Author = {Robert Love},
  Title = {Linux Kernel Development (Third Edition)},
  Publisher = {Addison-Wesley},
  Year = {2010},
  ISBN = {978-0-672-32946-3}
}

@book{2,
  Author = {Mark Russinovich and David A. Solomon and Alex Ionescu},
  Title = {Windows Internals (Sixth Edition)},
  Publisher = {Microsoft Press},
  Year = {2012},
  ISBN = {978-0-7356-4873-9}
}

@book{3,
  Author = {Marshall Kirk McKusick and George V. Neville-Neil and Robert N.M. Watson},
  Title = {The Design and Implementation of the FreeBSD Operating System (Second Edition)},
  Publisher = {Addison-Wesley},
  Year = {2015},
  ISBN = {978-0-321-96897-5}
}

@misc{1:online,
author = {},
title = {Differences in memory management between Windows and Linux},
howpublished = {Available: \url{https://studymoose.com/differences-in-memory-management-between-windows-and-linux-essay}},
month = {Apr},
year = {2016},
note = {(Accessed on 11/18/2018)}
}

@misc{2:online,
author = {Rohit Dube},
title = {A Comparison of the Memory Management sub-systems in FreeBSD and Linux},
howpublished = {Available: \url{https://www.slideshare.net/rdube/a-comparison-of-the-memory-management-subsystems-in-freebsd-and-linux}},
month = {Mar},
year = {2017},
note = {(Accessed on 11/18/2018)}
}