@misc{3:online,
author = {},
title = {Caffe Deep learning framework},
howpublished = {Available: \url{http://caffe.berkeleyvision.org/}},
month = {},
year = {},
note = {(Accessed on 11/25/2018)}
}

@book{deep_learning,
  Author = {Deng, L. and Yu, D.},
  Title = {Deep Learning: Methods and Applications},
  Publisher = {Foundations and Trends in Signal Processing},
  Year = {2014},
  ISBN = {}
}

@misc{4:online,
author = {},
title = { GIMP - GNU IMAGE MANIPULATION PROGRAM},
howpublished = {Available: \url{https://www.gimp.org/}},
month = {},
year = {},
note = {(Accessed on 11/25/2018)}
}

@misc{1:online,
author = {},
title = {OpenCV Modules},
howpublished = {Available: \url{https://docs.opencv.org/3.4/index.html}},
month = {},
year = {},
note = {(Accessed on 11/23/2018)}
}

@misc{2:online,
author = {},
title = {Masking Images},
howpublished = {Available: \url{http://www.xinapse.com/Manual/masking.html}},
month = {},
year = {},
note = {(Accessed on 11/26/2018)}
}