@misc{3:online,
author = {},
title = {Fast Artificial Neural Network Library},
howpublished = {Available: \url{http://leenissen.dk/fann/wp/}},
month = {},
year = {},
note = {(Accessed on 3/17/2019)}
}



@misc{1:online,
author = {},
title = {OpenCV Modules},
howpublished = {Available: \url{https://docs.opencv.org/3.4/index.html}},
month = {},
year = {},
note = {(Accessed on 11/23/2018)}
}

@misc{2:online,
author = {},
title = {Masking Images},
howpublished = {Available: \url{http://www.xinapse.com/Manual/masking.html}},
month = {},
year = {},
note = {(Accessed on 11/26/2018)}
}

@misc{4:online,
author = {},
title = {The Python Package Index},
howpublished = {Available: \url{https://pypi.org/}},
month = {},
year = {},
note = {(Accessed on 4/19/2019)}
}