@misc{1:online,
author = {},
title = {OpenCV Modules},
howpublished = {Available: \url{https://docs.opencv.org/3.4/index.html}},
month = {},
year = {},
note = {(Accessed on 11/23/2018)}
}